% This file was created with JabRef 2.6.
% Encoding: Cp1252

@BOOK{course,
  title = {Machine learning and {I}nductive {I}nference},
  publisher = {Acco},
  year = {2010},
  author = {Hendrik Blockeel}
}

@INPROCEEDINGS{Blockeel06-KDID:proc,
  author = {Hendrik Blockeel},
  title = {{E}xperiment databases: {A} novel methodology for experimental research},
  booktitle = {{K}nowledge {D}iscovery in {I}nductive {D}atabases, 4th {I}nternational
	{W}orkshop, {KDID}'05, {R}evised, {S}elected and {I}nvited {P}apers},
  year = {2006},
  volume = {3933},
  series = {Lecture Notes in Computer Science},
  pages = {72--85},
  publisher = {Springer},
  editors = {Bonchi, F. and Boulicaut, J-F.}
}

@INPROCEEDINGS{42801,
  author = {Blockeel, Hendrik and Vanschoren, Joaquin},
  title = {{E}xperiment databases: {T}owards an improved experimental methodology
	in machine learning},
  booktitle = {{K}nowledge {D}iscovery in {D}atabases: {PKDD} 2007, 11th {E}uropean
	{C}onference on {P}rinciples and {P}ractice of {K}nowledge {D}iscovery
	in {D}atabases, {P}roceedings},
  year = {2007},
  volume = {4702},
  series = {Lecture Notes in Computer Science},
  pages = {6-17},
  publisher = {Springer},
  editors = {Kok, J. N. and Koronacki, J. and Lopez de Mantaras, R. and Matwin,
	S. and Mladenic, D. and Skowron, A.}
}

@INCOLLECTION{bottou-bousquet-2008b,
  author = {L{\'e}on Bottou and Olivier Bousquet},
  title = {Learning Using Large Datasets},
  booktitle = {{Mining Massive DataSets for Security}},
  publisher = {{IOS} {Press}},
  year = {2008},
  series = {{NATO} {ASI} Workshop Series},
  address = {Amsterdam},
  url = {http://leon.bottou.org/papers/bottou-bousquet-2008b}
}

@ARTICLE{weka,
  author = {Mark Hall and Eibe Frank and Geoffrey Holmes and Bernhard Pfahringer
	and Peter Reutemann and Ian H. Witten},
  title = {The {WEKA} data mining software: an update},
  journal = {SIGKDD Explor. Newsl.},
  year = {2009},
  volume = {11},
  pages = {10--18},
  month = {November},
  acmid = {1656278},
  address = {New York, NY, USA},
  doi = {http://doi.acm.org/10.1145/1656274.1656278},
  issn = {1931-0145},
  issue = {1},
  numpages = {9},
  publisher = {ACM},
  url = {http://doi.acm.org/10.1145/1656274.1656278}
}

@INPROCEEDINGS{DBLP:conf/kdd/OatesJ98,
  author = {Tim Oates and David Jensen},
  title = {Large Datasets Lead to Overly Complex Models: An Explanation and
	a Solution},
  booktitle = {KDD},
  year = {1998},
  pages = {294--298},
  bibsource = {DBLP, http://dblp.uni-trier.de}
}

@INPROCEEDINGS{Pfahringer:2000:MLV:645529.658105,
  author = {Bernhard Pfahringer and Hilan Bensusan and Christophe G. Giraud-Carrier},
  title = {Meta-Learning by Landmarking Various Learning Algorithms},
  booktitle = {Proceedings of the Seventeenth International Conference on Machine
	Learning},
  year = {2000},
  series = {ICML '00},
  pages = {743--750},
  address = {San Francisco, CA, USA},
  publisher = {Morgan Kaufmann Publishers Inc.},
  acmid = {658105},
  isbn = {1-55860-707-2},
  numpages = {8},
  url = {http://portal.acm.org/citation.cfm?id=645529.658105}
}

@INPROCEEDINGS{42803,
  author = {Joaquin Vanschoren and Hendrik Blockeel},
  title = {{I}nvestigating classifier learning behavior with experiment databases},
  booktitle = {{P}roceedings of {T}he 31st {A}nnual {C}onference of the {G}erman
	{C}lassification {S}ociety on {D}ata {A}nalysis, {M}achine {L}earning,
	and {A}pplications, {F}reiburg i. {B}r., {G}ermany},
  year = {2007}
}

@INPROCEEDINGS{42686,
  author = {Joaquin Vanschoren and Anneleen {Van Assche} and Celine Vens and
	Hendrik Blockeel},
  title = {{M}eta-learning from experiment databases: {A}n illustration},
  booktitle = {{B}enelearn 2007, {A}nnual {M}achine {L}earning {C}onference of {B}elgium
	and {T}he {N}etherlands},
  year = {2007},
  pages = {120--127},
  editors = {van Someren, M. and Katrenko, S. and Adriaans, P.}
}

@INPROCEEDINGS {Blockeel06-KDID:proc,
AUTHOR = "Blockeel, Hendrik",
TITLE = {{E}xperiment databases: {A} novel methodology for experimental research},
BOOKTITLE = {{K}nowledge {D}iscovery in {I}nductive {D}atabases, 4th {I}nternational {W}orkshop, {KDID}'05, {R}evised, {S}elected and {I}nvited {P}apers},
YEAR = {2006},
EDITORS = {Bonchi, F. and Boulicaut, J-F.},
VOLUME = {3933},
SERIES = {Lecture Notes in Computer Science},
PAGES = {72-85},
PUBLISHER = {Springer},
NOTE = {URL: http://www.cs.kuleuven.ac.be/cgi-bin-dtai/publ\_info.pl?id=41950},
}

